@article{woo,
  author    = "Daniel T. Woo and Benjamin T. Hudson and Joji C. Mori and Evey S. M. Ngan and Wing-Yee Pak and Ronald S. Haines",
  title     = "Interdisciplinary Educational Collaborations: Chemistry and Computer Science",
  journal   = "Journal of Chemical Education",
  volume    = "84",
  number    = "6",
  pages     = "967",  %NEED END
  year      = "2007",
  DOI       = "10.1021/ed084p967"
}

@article{job,
  author    = "P. Job",
  title     = "Formation and Stability of Inorganic Complexes in Solution",
  journal   = "Annali di Chimica Applicata",
  volume    = "9",
  pages     = "113-203",
  year      = "1928"
}

@article{blanchette,
  author    = "Paul P. Blanchette",
  title     = "The Binary Liquid-Solid Phase Diagram of Naphthalene-$p$-dichlorobenzene: A Physical Chemistry Experiment",
  journal   = "Journal of Chemical Education",
  volume    = "64",
  number    = "3",
  pages     = "267-268",
  DOI       = "10.1021/ed064p267"
}


@article{martinez,
author = {Mart√≠nez, L. M. and Videa, M. and Mederos, F. and Mesquita, J.},
title = {Constructing a High-Sensitivity, Computer-Interfaced, Differential Thermal Analysis Device for Teaching and Research},
journal = {Journal of Chemical Education},
volume = {84},
number = {7},
pages = {1222},
year = {2007},
doi = {10.1021/ed084p1222},
URL = { 
        https://doi.org/10.1021/ed084p1222
},
eprint = {     
        https://doi.org/10.1021/ed084p1222
}
}



@article{ellison,
  author    = "Herbert R. Ellison",
  title     = "Binary Solid-Liquid Phase Equilibria",
  journal   = "Journal of Chemical Education",
  volume    = "55",
  number    = "6",
  pages     = "406-407",
  year      = "1978",
  DOI       = "10.1021/ed055p406"
}

@article{tatsuoka,
author = {Tatsuoka, Tomoyuki and Shigedomi, Kana and Koga, Nobuyoshi},
title = {Using a Laboratory Inquiry with High School Students To Determine the Reaction Stoichiometry of Neutralization by a Thermochemical Approach},
journal = {Journal of Chemical Education},
volume = {92},
number = {9},
pages = {1526-1530},
year = {2015},
doi = {10.1021/ed500947t},
URL = { 
        https://doi.org/10.1021/ed500947t
},
eprint = { 
        https://doi.org/10.1021/ed500947t
}
}


@article{mahoney,
author = {Mahoney, Dennis W. and Sweeney, Joyce A. and Davenport, Derek A. and Ramette, Richard W.},
title = {A Continuous Variation Study of Heats of Neutralization},
journal = {Journal of Chemical Education},
volume = {58},
number = {9},
pages = {730},
year = {1981},
doi = {10.1021/ed058p730},
URL = { 
        https://doi.org/10.1021/ed058p730
},
eprint = { 
        https://doi.org/10.1021/ed058p730
}
}





@article{martinez,
  author    = "L.M. Martinez and M. Videa and F. Mederos and J. Mesquita",
  title     = "Constructing a High-Sensititvity, Computer-Interfaced, Differential Thermal Analysis Device for Teaching and Research",
  journal   = "Journal of Chemical Education",
  volume    = "84",
  number    = "7",
  pages     = "1222",
  year      = "2007",
  DOI       = "10.1021/ed084p1222"
}

@article{sadegh,
  author    = "Mohammad Sadegh-cheri",
  title     = "SeparateDuino: Design and Fabrication of a Low-Cost Arduino-Based Microcentrifuge Using the Recycled Parts of a Computer DVD Drive",
  journal   = "Journal of Chemical Education",
  volume    = "97",
  number    = "8",
  pages     = "2338-2341",
  year      = "2020",
  DOI       = "10.1021/acs.jchemed.0c00107"
}

@article{arrizabalaga,
  author    = "Julien H. Arrizabalaga and Aaron D. Simmons and Matthias U. Nollert",
  title     = "Fabrication of an Economical Arduino-Based Uniaxial Tensile Tester",
  journal   = "Journal of Chemical Education",
  volume    = "94",
  number    = "4",
  pages     = "530-533",
  year      = "2017",
  DOI       = "10.1021/acs.jchemed.6b00639"
}

@article{bullis,
  author    = "Ryan Bullis and Joseph Coker and Jacob Belding and Adam De Groodt and Dylan W. Mitchell and Nancy Velazquez and Ashtyn Bell and Jaycee Hall and William A. Gunderson and Julie E. C. Gunderson",
  title     = "The Fluorino: A Low-Cost, Arduino-Controlled Fluorometer",
  journal   = "Journal of Chemical Education",
  volume    = "98",
  number    = "12",
  pages     = "3892-3897",
  year      = "2021",
  DOI       = "10.1021/acs.jchemed.1c00876"
}

@article{gomes,
  author    = "Victor V. Gomes and Sofia C. F. Cavaco and Carmen P. Morgado and Joao Aires-de-Sousa and Julio C. B. Ferandes",
  title     = "An Arduino-Based Talking Calorimeter for Inclusive Lab Activities",
  journal   = "Journal of Chemical Education",
  volume    = "97",
  number    = "6",
  pages     = "1677-1681",
  year      = "2020",
  DOI       = "10.1021/acs.jchemed.0c00148"
}

@article{qutieshat,
  author    = "Abubaker Qutieshat and Rayhana Aouididi and Rayan Arfaoui",
  title     = "Design and Construction of a Low-Cost Arduino-Based pH Sensor for the Visually Impaired Using Universal pH Paper",
  journal   = "Journal of Chemical Education",
  volume    = "96",
  number    = "10",
  pages     = "2333-2338",
  DOI       = "10.1021/acs.jchemed.9b00450"
}

@book{vonderbrink,
  author    = "S. A. Vonderbrink",
  title     = "Laboratory Experiments for Advanced Placement Chemistry",
  year      = "2006",
  publisher = "Flinn Scientific",
  address   = ""
}

@book{vernier,
  author    = "Donald L. Volz and R. Smola",
  title     = "Investigating Chemistry through Inquiry",
  year      = "2009",
  publisher = "Vernier Software \& Technology",
  address   = "Beaverton, OR"
}


@online{columbia,
  title     = "Computer Science",
  note      = "\url{https://www.cs.columbia.edu/areas/interdisciplinary/}"
}

@article{einstein,
  author    = "Albert Einstein",
  title     = "{Zur Elektrodynamik bewegter K{\"o}rper}. ({German})
            [{On} the electrodynamics of moving bodies]",
  journal   = "Annalen der Physik",
  volume    = "322",
  number    = "10",
  pages     = "891--921",
  year      = "1905",
  DOI       = "http://dx.doi.org/10.1002/andp.19053221004"
}

@book{latexcompanion,
  author    = "Michel Goossens and Frank Mittelbach and Alexander Samarin",
  title     = "The \LaTeX\ Companion",
  year      = "1993",
  publisher = "Addison-Wesley",
  address   = "Reading, Massachusetts"
}

@online{knuthwebsite,
  author    = "Donald Knuth",
  title     = "Knuth: Computers and Typesetting",
  note      = "\url{http://www-cs-faculty.stanford.edu/~uno/abcde.html}"
}

@online{meinke,
  author    = "John Meinke",
  title     = "Manuscript Formatting",
  note      = "\url{http://www.ccsc.org/wp-content/uploads/ManuscriptFormatting2015.pdf}"
}

@online{copyright,
  author    = "John Meinke",
  title     = "Copyright Release Form",
  note      = "\url{http://www.ccsc.org/wp-content/uploads/CopyrightRelease2015.pdf}"
}

@inproceedings{maurer,
  author    = {Maurer, Frank},
  title     = {Agile Methods and Interaction Design: Friend or Foe?},
  booktitle = {Proceedings of the 1st ACM SIGCHI Symposium on Engineering Interactive Computing Systems},
  series    = {EICS '09},
  year      = {2009},
  isbn      = {978-1-60558-600-7},
  location  = {Pittsburgh, PA, USA},
  pages     = {209--210},
  numpages  = {2},
  url       = {http://doi.acm.org/10.1145/1570433.1570435},
  doi       = {10.1145/1570433.1570435},
  acmid     = {1570435},
  publisher = {ACM},
  address   = {New York, NY, USA},
  keywords  = {agile methods, interaction design},
}
